@misc{website:doc-template,
      author = "Dr Asghar A Bokhari",
      title = "BlankProjectTemplate",
      year = "2017",
      url = "https://gitlab.cas.mcmaster.ca/bokhari/se3xa3/-/tree/fa885b8f73735515260d499c037a572bec804f29/BlankProjectTemplate"
}